<?xml version="1.0" encoding="UTF-8"?><collection xmlns="http://www.loc.gov/MARC21/slim"><record><leader>00357nam--2200145-i-4500</leader><controlfield tag="001">000013074</controlfield><controlfield tag="002">20161230</controlfield><controlfield tag="005">20170220171112</controlfield><controlfield tag="008">060222s1000------------r-----000-0-eng-d</controlfield><datafield ind1=" " ind2=" " tag="245"><subfield code="a">Electronica</subfield></datafield><datafield ind1=" " ind2=" " tag="260"><subfield code="a">Bucuresti</subfield><subfield code="b">Ed.Didactica Si Pedagogica</subfield><subfield code="c">1979</subfield></datafield><datafield ind1=" " ind2=" " tag="300"><subfield code="a">315 p</subfield></datafield><datafield ind1=" " ind2=" " tag="700"><subfield code="a">Damachi, Emil</subfield></datafield><datafield ind1=" " ind2=" " tag="852"><subfield code="a">621.38(075.8)</subfield></datafield><datafield ind1=" " ind2=" " tag="CAT"><subfield code="a">SYS</subfield><subfield code="c">20170220</subfield><subfield code="h">171112</subfield></datafield></record></collection>